<?xml version="1.0" encoding="UTF-8"?><collection xmlns="http://www.loc.gov/MARC21/slim"><record><leader>00357nam--2200133-i-4500</leader><controlfield tag="001">000014940</controlfield><controlfield tag="002">20161230</controlfield><controlfield tag="005">20161230201031</controlfield><controlfield tag="008">060222s1000------------r-----000-0-eng-d</controlfield><datafield ind1=" " ind2=" " tag="080"><subfield code="a">543.5</subfield></datafield><datafield ind1=" " ind2=" " tag="100"><subfield code="a">Banateanu, I., Calusaru, A. Si Slabu,Z</subfield></datafield><datafield ind1=" " ind2=" " tag="245"><subfield code="a">Metode fizico-chiice de analiza</subfield></datafield><datafield ind1=" " ind2=" " tag="260"><subfield code="a">Bucuresti, Ed. Tehnica, 1961. 451 P. + Erata</subfield></datafield><datafield ind1=" " ind2=" " tag="852"><subfield code="a">75187</subfield></datafield></record></collection>